@STRING{advap = {Advances in Applied Probability}}

@STRING{amath = {Annals of Mathematics}}

@STRING{ams = {The Annals of Mathematical Statistics}}

@STRING{amstat = {The American Statistician}}

@STRING{annalap = {The Annals of Applied Probability}}

@STRING{annalp = {The Annals of Probability}}

@STRING{annals = {The Annals of Statistics}}

@STRING{anneug = {Annals of Eugenics}}

@STRING{anzjs = {Australian \& New Zealand Journal of Statistics}}

@STRING{appstat = {Applied Statistics}}

@STRING{ausjstat = {Australian Journal of Statistics}}

@STRING{bioc = {Biometrics}}

@STRING{bioj = {Biometrical Journal}}

@STRING{biok = {Biometrika}}

@STRING{chance = {Chance}}

@STRING{cjs = {The Canadian Journal of Statistics}}

@STRING{comms = {Communications in Statistics}}

@STRING{commscs = {Communications in Statistics: Computation \& Simulation}}

@STRING{commstm = {Communications in Statistics: Theory \& Methods}}

@STRING{compstat = {Computational Statistics}}

@STRING{csda = {Computational Statistics \& Data Analysis}}

@STRING{debs = {Department of Econometrics \& Business Statistics, Monash University}}

@STRING{ejor = {European Journal of Operational Research}}

@STRING{ijf = {International Journal of Forecasting}}

@STRING{isr = {International Statistical Review}}

@STRING{jap = {Journal of Applied Probability}}

@STRING{jas = {Journal of Applied Statistics}}

@STRING{jasa = {Journal of the American Statistical Association}}

@STRING{jcgs = {Journal of Computational \& Graphical Statistics}}

@STRING{je = {Journal of Econometrics}}

@STRING{jes = {Journal of Educational Statistics}}

@STRING{jf = {Journal of Forecasting}}

@STRING{jma = {Journal of Multivariate Analysis}}

@STRING{jors = {Journal of the Operational Research Society}}

@STRING{jos = {Journal of Official Statistics}}

@STRING{jrssa = {Journal of the Royal Statistical Society A}}

@STRING{jrssb = {Journal of the Royal Statistical Society B}}

@STRING{jscs = {Journal of Statistical Computation \& Simulation}}

@STRING{jspi = {Journal of Statistical Planning \& Inference}}

@STRING{jtp = {Journal of Theoretical Probability}}

@STRING{jtsa = {Journal of Time Series Analysis}}

@STRING{mansci = {Management Science}}

@STRING{psyka = {Psychometrika}}

@STRING{ptrf = {Probability Theory \& Related Fields}}

@STRING{sankhya = {Sankhy\={a}}}

@STRING{sasj = {South African Statistical Journal}}

@STRING{scandjs = {Scandinavian Journal of Statistics: Theory \& Applications}}

@STRING{siamjssc = {SIAM Journal of Scientific \& Statistical Computing}}

@STRING{jss = {Journal of Statistical Software}}

@STRING{spl = {Statistics \& Probability Letters}}

@STRING{statmed = {Statistics in Medicine}}

@STRING{statsci = {Statistical Science}}

@STRING{statsin = {Statistica Sinica}}

@STRING{survmeth = {Survey Methodology}}

@STRING{tech = {Technometrics}}

@STRING{toap = {to appear}}

@STRING{tpaa = {Theory of Probability \& its Applications}}

@STRING{tstat = {The Statistician}}


@ARTICLE{CY91,
  author       = {Chris Chatfield and Mohammad Yar},
  title        = {Prediction Intervals for Multiplicative {H}olt-{W}inters},
  journal      = ijf,
  year         = {1991},
  volume       = {7},
  pages        = {31-37},
  keywords     = {Holt-Winters; Prediction intervals; Exponential smoothing},
}

@article{hanley2009fitting,
  title={Fitting {smooth-in-time} prognostic risk functions via logistic regression},
  author={Hanley, James A and Miettinen, Olli S},
  journal={The International Journal of Biostatistics},
  volume={5},
  number={1},
  year={2009}
}

@article{efron1977efficiency,
  title={The efficiency of Cox's likelihood function for censored data},
  author={Efron, Bradley},
  journal={Journal of the American statistical Association},
  volume={72},
  number={359},
  pages={557--565},
  year={1977},
  publisher={Taylor \& Francis Group}
}

@article{mantel1973synthetic,
  title={Synthetic retrospective studies and related topics},
  author={Mantel, Nathan},
  journal={Biometrics},
  pages={479--486},
  year={1973},
  publisher={JSTOR}
}

@article{saarela2016case,
  title={A case-base sampling method for estimating recurrent event intensities},
  author={Saarela, Olli},
  journal={Lifetime data analysis},
  volume={22},
  number={4},
  pages={589--605},
  year={2016},
  publisher={Springer}
}

@article{saarela2015non,
  title={Non-parametric Bayesian Hazard Regression for Chronic Disease Risk Assessment},
  author={Saarela, Olli and Arjas, Elja},
  journal={Scandinavian Journal of Statistics},
  volume={42},
  number={2},
  pages={609--626},
  year={2015},
  publisher={Wiley Online Library}
}

@article{scrucca2010regression,
  title={Regression modeling of competing risk using R: an in depth guide for clinicians},
  author={Scrucca, L and Santucci, A and Aversa, F},
  journal={Bone marrow transplantation},
  volume={45},
  number={9},
  pages={1388},
  year={2010},
  publisher={Nature Publishing Group}
}

@book{kalbfleisch2011statistical,
  title={The statistical analysis of failure time data},
  author={Kalbfleisch, John D and Prentice, Ross L},
  volume={360},
  year={2011},
  publisher={John Wiley \& Sons}
}

@article{cox1972regression,
  title={Regression Models and Life-Tables},
  author={Cox, DR},
  journal={Journal of the Royal Statistical Society. Series B (Methodological)},
  volume={34},
  number={2},
  pages={87--22},
  year={1972}
}

@unpublished{turgeonCompRisk,
  title={A novel approach to competing risks using case-base sampling},
  author={Turgeon, Maxime and Bhatnagar, Sahir and Hanley, James and Saarela, Olli},
  note={(In preparation)}
}

@article{schroder2009screening,
  title={Screening and prostate-cancer mortality in a randomized European study},
  author={Schr{\"o}der, Fritz H and Hugosson, Jonas and Roobol, Monique J and Tammela, Teuvo LJ and Ciatto, Stefano and Nelen, Vera and Kwiatkowski, Maciej and Lujan, Marcos and Lilja, Hans and Zappa, Marco and others},
  journal={New England Journal of Medicine},
  volume={360},
  number={13},
  pages={1320--1328},
  year={2009},
  publisher={Mass Medical Soc}
}

@article{liu2014recovering,
  title={Recovering the raw data behind a non-parametric survival curve},
  author={Liu, Zhihui and Rich, Benjamin and Hanley, James A},
  journal={Systematic reviews},
  volume={3},
  number={1},
  pages={151},
  year={2014},
  publisher={BioMed Central}
}
